@article{armbrust2010view,
  title={A view of cloud computing},
  author={Armbrust, Michael and Fox, Armando and Griffith, Rean and Joseph, Anthony D and Katz, Randy and Konwinski, Andy and Lee, Gunho and Patterson, David and Rabkin, Ariel and Stoica, Ion and others},
  journal={Communications of the ACM},
  volume={53},
  number={4},
  pages={50--58},
  year={2010},
  publisher={ACM New York, NY, USA}
}


@article{ghazi2015hadoop,
  title={Hadoop, MapReduce and HDFS: a developers perspective},
  author={Ghazi, Mohd Rehan and Gangodkar, Durgaprasad},
  journal={Procedia Computer Science},
  volume={48},
  number={C},
  pages={45--50},
  year={2015},
  publisher={Elsevier}
}

@article{bhardwaj2010cloud,
  title={Cloud computing: A study of infrastructure as a service (IAAS)},
  author={Bhardwaj, Sushil and Jain, Leena and Jain, Sandeep},
  journal={International Journal of engineering and information Technology},
  volume={2},
  number={1},
  pages={60--63},
  year={2010}
}

@article{wang2010cloud,
  title={Cloud computing: a perspective study},
  author={Wang, Lizhe and Von Laszewski, Gregor and Younge, Andrew and He, Xi and Kunze, Marcel and Tao, Jie and Fu, Cheng},
  journal={New Generation Computing},
  volume={28},
  number={2},
  pages={137--146},
  year={2010},
  publisher={Springer}
}

@article{mell2011nist,
  title={The NIST definition of cloud computing},
  author={Mell, Peter and Grance, Tim and others},
  year={2011},
  publisher={Computer Security Division, Information Technology Laboratory, National~…}
}

@article{beimborn2011platform,
  title={Platform as a service (PaaS)},
  author={Beimborn, Daniel and Miletzki, Thomas and Wenzel, Stefan},
  journal={Business \& Information Systems Engineering},
  volume={3},
  number={6},
  pages={381--384},
  year={2011},
  publisher={Springer}
}

@book{wittig2018amazon,
  title={Amazon web services in action, Second Edition},
  author={Wittig, Michael and Wittig, Andreas and Whaley, Ben and others},
  year={2018},
  publisher={Manning},
  address={Qual?}
}

@online{rajaperumal2017,
  author = {Prasanna Rajaperumal and Vinoth Chandar},
  title = {Hudi: Uber Engineering’s Incremental Processing Framework on Apache Hadoop},
  year = 2017,
  url = {https://eng.uber.com/hoodie/},
  urldate = {2021-01-24}
}

@book{chambers2018spark,
  title={Spark: The definitive guide},
  author={Chambers, Bill and Zaharia, Matei},
  year={2018},
  publisher={O'Reilly Media, Inc},
  address={Qual?}
}

@online{chandar2016,
  author = {Vinoth Chandar},
  title = {Uber’s case for incremental processing on Hadoop - Near-real-time processing yields increased efficiency and an opportunity for unified architecture},
  year = 2016,
  url = {https://www.oreilly.com/content/ubers-case-for-incremental-processing-on-hadoop/},
  urldate = {2021-01-24}
}

@book{white2015,
    title = "Hadoop: The Definitive Guide, 4th Edition",
    author = "Tom White",
    year = 2015,
    publisher = "O'Reilly Media, Inc",
    address={Qual?}
}

@book{chambers2018,
    title = "Spark: The Definitive Guide",
    author = "Bill Chambers and Matei Zaharia",
    year = 2018,
    publisher = "O'Reilly Media, Inc",
    address={Qual?}
}

@book{hunt2018beginner,
  title={A Beginner's Guide to Scala, Object Orientation and Functional Programming},
  author={Hunt, John},
  year={2018},
  publisher={Springer},
  address={Qual?}
}

@article{odersky2004overview,
  title={An overview of the Scala programming language},
  author={Odersky, Martin and Altherr, Philippe and Cremet, Vincent and Emir, Burak and Maneth, Sebastian and Micheloud, St{\'e}phane and Mihaylov, Nikolay and Schinz, Michel and Stenman, Erik and Zenger, Matthias},
  year={2004}
}

@article{miloslavskaya2016big,
  title={Big data, fast data and data lake concepts},
  author={Miloslavskaya, Natalia and Tolstoy, Alexander},
  journal={Procedia Computer Science},
  volume={88},
  pages={300--305},
  year={2016},
  publisher={Elsevier}
}

@inproceedings{sagiroglu2013big,
  title={Big data: A review},
  author={Sagiroglu, Seref and Sinanc, Duygu},
  booktitle={2013 international conference on collaboration technologies and systems (CTS)},
  pages={42--47},
  year={2013},
  organization={IEEE}
}